@string{CMAME = "Comput. Methods Appl. Mech. Engrg."}
@string{ETNA = "Electron. Trans. Numer. Anal."}
@string{FGCS = "Future Generation Computer Systems"}
@string{JCP = "J. Comp. Phys."}
@string{LAA = "Linear Algebra Appl."}
@string{MC = "Mathematics of Computation"}
@string{MC = "Math. Comp."}
@string{NLAA = "Numer. Linear Algebra Appl."}
@string{NuMath = "Numer. Math."}
@string{PARCO = "Parallel Comput."}
@string{SIMA = "SIAM J. Math. Appl."}
@string{SIMAX = "SIAM J. Matrix Anal. Appl."}
@string{SINUM = "SIAM J. Numer. Anal."}
@string{SIREV = "SIAM Rev."}
@string{SISC = "SIAM J. Sci. Comput."}
@string{SISSC = "SIAM J. Sci. Stat. Comput."}
@string{TOMS = "ACM Trans. Math. Softw."}
@string{ZAMP = "Z. Angew. Math. Phys."}
@string{IJNME = "Int. J. Numer. Methods Engrg."}
@string{SIAM = "Society for Industrial and Applied Mathematics"}
@string{SIAM = "SIAM"}
@string{cpc = {Comp.~Phys.~Comm.}}
@string{pacl = {Part. Accel.}}
@string{phrl = {Phys. Rev. Lett.}}

@preamble{"\providecommand{\SortNoop}[1]{} "}

@article{abht:03,
  author =	 "M. Adams and M. Brezina and J. Hu and R. Tuminaro",
  title =	 "Parallel multigrid smoothing: polynomial versus
                  {G}auss--{S}eidel",
  journal =	 JCP,
  volume =	 188,
  number =	 2,
  pages =	 "593-610 ",
  year =	 2003
}
        
@techreport{opal,
  title =	 "{The OPAL (Object Oriented Parallel Accelerator
                  Library) Framework}",
  author =	 "A. Adelmann and Ch. Kraus and Y. Ineichen and J. Yang",
  institution =	 "Paul Scherrer Institut",
  number =	 "PSI-PR-08-02",
  year =	 2008
}

@techreport{ippl,
  title = "{The IP$^2$L (Independent Parallel Particle Layer) Framework}",
  author = "A. Adelmann",
  institution = "Paul Scherrer Institut",
  number = "PSI-PR-09-05",
  year ={2009}
}

@misc{FFTPACK,
  key =		 "FFTPACK",
  title =	 "{FFTPACK}",
  note =	 "A package of FORTRAN subprograms for the Fast Fourier
                  Transform of periodic and other symmetric sequences by
                  P. N. Swarztrauber.  Available from
                  \url{http://www.netlib.org/fftpack/}"
}

@book{fowa:60,
  author =	 "G.~E.~Forsythe and W.~R.~Wasow",
  title =	 "Finite-difference methods for partial differential
                  equations",
  publisher =	 "Wiley",
  address =	 "New York",
  year =	 1960
}

@article{gluckstern1,
  title =	 "Analytic Model for Halo Formation in High Current Ion
                  Linacs",
  author =	 "R. L. Gluckstern",
  journal =	 phrl,
  volume =	 73,
  number =	 9,
  pages =	 "1247-1250",
  Year =	 1994,
  annote =	 "doi=10.1103/PhysRevLett.73.1247"
}

@techreport{gsht:06,
  author =	 "M. W. Gee and C. M. Siefert and J.J. Hu and
                  R. S. Tuminaro and M. Sala",
  title =	 "{ML 5.0 Smoothed Aggregation User's Guide}",
  institution =	 "Sandia National Laboratories",
  month =	 may,
  year =	 2006,
  type =	 "Tech. Report",
  number =	 "SAND2006-2649"
}

@book{gree:97,
  author =	 "A. Greenbaum",
  title =	 "Iterative Methods for Solving Linear Systems",
  publisher =	 "SIAM",
  address =	 "Philadelphia, PA",
  year =	 1997
}
                
@book{hack:85,
  author =	 "W. Hackbusch",
  title =	 "Multigrid Methods and Applications",
  publisher =	 "Springer",
  address =	 "Berlin",
  year =	 1985
}

@book{hack:94,
author =       "W. Hackbusch",
  title =        "Iterative solution of large sparse systems of equations",
  publisher =    "Springer",
  address =      "Berlin",
  year =         1994
}

@article{Trilinos-TOMS,
  title =	 "An Overview of the {T}rilinos Project",
  author =	 "M.~A. Heroux and R.~A. Bartlett and V.~E. Howle and
                  R.~J. Hoekstra and J.~J. Hu and T.~G. Kolda and
                  R.~B. Lehoucq and K.~R. Long and R.~P. Pawlowski and
                  E.~T. Phipps and A.~G. Salinger and H.~K. Thornquist
                  and R.~S. Tuminaro and J.~M. Willenbring and
                  A. Williams and K.~S. Stanley",
  journal =	 TOMS,
  volume =	 31,
  number =	 3,
  pages =	 "397-423",
  year =	 2005
}

@article{hest:52,
  author =	 "M. R. Hestenes and E. Stiefel",
  title =	 "Methods of Conjugent Gradients for Solving Linear
                  Systems",
  journal =	 "J. Res. Nat. Bur. Standards",
  volume =	 49,
  pages =	 "409-436",
  year =	 1952
}

@book{hoea:88,
  author =	 "R. W.~Hockney and J. W.~Eastwood",
  publisher =	 "Institute of Physics Publishing",
  address =	 "Bristol",
  title =	 "Computer Simulation using Particles",
  year =	 1988
}               

@book{lali:84,
  Address =	 {Oxford},
  Author =	 {L. D. Landau and E. M. Lifshitz},
  Edition =	 {2nd},
  Publisher =	 {Pergamon},
  Title =	 {Electrodynamics of Continuous Media},
  Year =	 1984
}

@article{mcgv:04,
  author =	 "P. McCorquodale and P. Colella and D. P. Grote and
                  J.-L. Vay",
  title =	 "A Node-Centered Local Refinement Algorithm for
                  {P}oisson's Equation in Complex Geometries",
  journal =	 JCP,
  volume =	 201,
  number =	 1,
  pages =	 "34-60",
  year =	 2004
}
                  
@article{poplau_self-adaptive_2008,
  author =	 {G. Poplau and U. van Rienen},
  title =	 {A Self-Adaptive Multigrid Technique for {3-D} Space
                  Charge Calculations},
  volume =	 44,
  annote =	 {{doi:10.1109/TMAG.2007.914831}},
  number =	 {6},
  journal =	 "IEEE Trans. Magn.",
  pages =	 "1242-1245",
  year =	 2008
}
                  
@article{qigl:04,
  Author =	 {Ji Qiang and Robert L. Gluckstern},
  Title =	 {Three-dimensional {P}oisson solver for a charged beam
                  with large aspect ratio in a conducting pipe},
  Journal =	 cpc,
  Volume =	 {160},
  number =	 {2},
  Year =	 {2004},
  Pages =	 {120-128}
}

@article{qiry:01,
  Author =	 {Ji Qiang and Robert D. Ryne},
  Title =	 {Parallel {3D} {P}oisson solver for a charged beam in a
                  conducting pipe},
  Journal =	 cpc,
  Volume =	 {138},
  number =	 {1},
  Year =	 {2001},
  Pages =	 {18-28}
}

@phdthesis{sach:68,
  author =	 "Frank James Sacherer",
  school =	 "University of California, Berkeley",
  title =	 "Transverse Space-Charge Effects in Circular
                  Accelerators",
  year =	 1968
}

@article{sach:71,
  author =	 "Sacherer, Frank J.",
  title =	 "{RMS} Envelope Equations with Space Charge",
  Journal =	 "IEEE Trans. Nucl. Sci.",
  volume =	 18,
  number =	 3,
  pages =	 "1105-1107",
  year =	 1971,
  annote =	 "doi=10.1109/TNS.1971.4326293"
}


@article{sasc:86,
  author =	 "Y. Saad and M. H. Schultz",
  title =	 "{GMRES}: {A} Generalized Minimal Residual Algorithm
                  for Solving Nonsymmetric Linear Systems",
  journal =	 SISSC,
  volume =	 7,
  number =	 3,
  pages =	 "856-869",
  year =	 1986
}

@article{shwe:39,
  author = 	 "G.~H.~Shortley and R.~Weller",
  title = 	 "The Numerical Solution of {L}aplace's equation",
  journal = 	 "J. Appl. Phys.",
  volume =	 9,
  pages =	 "334-344",
  year = 	 1939
}

@article{stru-reis:1984,
  title =	 "Theoretical studies of envelope oscillations and
                  instabilities of mismatched intense charged-particle
                  beams in periodic focusing channels",
  author =	 "J. Struckmeier and M. Reiser",
  journal =	 pacl,
  volume =	 14,
  number =	 "2-3",
  pages =	 "227-260",
  year =	 1984
}

@incollection{Swar:82,
  author =	 "Swarztrauber, P.",
  title =	 "Vectorizing the {FFTs}",
  booktitle =	 "Parallel Computations",
  editor =	 "Rodrigue, G.",
  publisher =	 "Academic Press",
  address =	 "New York",
  pages =	 "51-83",
  year =	 "1982"
}

@misc{Trilinos-Web-Site,
  key =		 "Trilinos",
  title =	 "{The Trilinos Project Home Page}",
  note =	 "\url{http://software.sandia.gov/trilinos/}"
}

@book{tros:00,
  author =	 "U. Trottenberg and C. W. Oosterlee and
                  A. {Sch\"uller}",
  title =	 "Multigrid",
  publisher =	 "Academic Press",
  year =	 2000
}

@inproceedings{tuto:00,
  author =	 "R. S. Tuminaro and Ch. Tong",
  title =	 "Parallel smoothed aggregation multigrid: {A}ggregation
                  strategies on massively parallel machines",
  booktitle =	 "ACM/IEEE SC2000 Conference (SC2000)",
  year =	 2000,
  note =	 "21 pages, \url{doi:10.1109/SC.2000.10008}"
}

@article{vamb:96a,
  author =	 "P. {Van\v{e}k} and J. Mandel and M. Brezina",
  title =	 "Algebraic multigrid based on smoothed aggregation for
                  second and fourth order problems",
  journal =	 "Computing",
  volume =	 56,
  number =	 3,
  year =	 1996,
  pages =	 "179-196",
}

@article{vors:92,
  author =	 "{\SortNoop{Vorst}}van der Vorst, H. A.",
  title =	 "{Bi-CGSTAB}: A Fast and Smoothly Converging Variant of
                  Bi-CG for the Solution of Nonsymmetric Linear Systems",
  journal =	 SISC,
  volume =	 13,
  number =	 2,
  pages =	 "631-644",
  year =	 1992
}

@book{wied:07,
  author =	 "H.~Wiedemann",
  title =	 "Particle Accelerator Physics",
  publisher =	 "Springer",
  address =	 "Berlin",
  year =	 2007
}

@article{yoje:80,
  author =	 "D. M. Young and K. C. Jea",
  title =	 "Generalized Conjugate-Gradient Acceleration of
                  Nonsymmetrizable Iterative Methods",
  journal =	 LAA,
  volume =	 34,
  pages =	 "159-194",
  year =	 1980
}
