@STRING(PRL="Phys. Rev. Lett.")
@STRING(RMP="Rev. Mod. Phys.")

@inproceedings{Baartman:1,
   author="R. Baartman",
   title="Intensity Limitations in Compact H- Cyclotron",
   booktitle="Proc. 14th Int. Conf. on Cyclotrons and their Applications",
   address="Capetown",
   pages=440,
   year=1995
}

@inproceedings{Gordon:1,
   author="M. M. Gordon",
   title="The Longitudinal Space Charge Effect and Energy Resolution",
   booktitle="Proc. 5th Int. Conf. on Cyclotrons and their Applications",
   address="Oxford",
   pages=305,
   year=1969
}

@inproceedings{Joho:1,
   author="W. Joho",
   title="High Intensity Problems in Cyclotrons",
   booktitle="Proc. 9th Int. Conf. on Cyclotrons and their Applications",
   address="Caen",
   pages=337,
   year=1981
}

@ARTICLE{Adam:1,
   AUTHOR="S. Adam",
   TITLE="Calculation of Space Charge Effects in Isochronous Cyclotrons",
   JOURNAL="IEEE Trans. on Nuclear Science",
   VOLUME=32,
   PAGES=2507,
   YEAR=1985
}

@inproceedings{Adam:2,
   author="S. Koscielniak and S. Adam",
   title="Simulation of Space-Charge Dominated Beam Dynamics in an Isochronous AVF Cyclotron",
   booktitle="Proc. Particle Accelerator Conf.",
   address="Washington",
   PAGES=3639,
   YEAR=1993
}

@inproceedings{Adam:3,
   author="S. Adam",
   title="Space Charge Effects in Cyclotrons - From Simulations to Insights",
   booktitle="Proc. 14th Int. Conf. on Cyclotrons and their Applications",
   address="Cape Town",
   PAGES=446,
   YEAR=1995
}

@phdthesis{Li:1,
   author="H. Li",
   title="Study of space charge effect in high intensity sector-focused cyclotron(in Chinese)",
   school="GUCAS, China",
   year=2001
}

@phdthesis{Ada:1,
   author="A. Adelmann",
   title="3D Simulations of Space Charge Effects in Particle Beams",
   school="ETHZ, Switzerland",
   year=2002,
   note=14545
}

@phdthesis{Poz:1,
   author="E. Pozdeyev",
   title="CYCO and SIR: New Tools for Numerical and Experimental Studies of Space Charge Effects in the Isochronous Regime",
   school="MSU, USA",
   year=2003
}

@inproceedings{Mike:1,
   author="M. Seidel and P. Schmelzbach",
   title="Upgrade of the PSI Cyclotron Facility to 1.8 MW",
   booktitle="Proc. 18th Int. Conf. on Cyclotrons and their Applications",
   address="Catania",
   PAGES=157,
   YEAR=2007
}

@inproceedings{Zhang:1,
   author="T. Zhang and Z. Li and C. Chu",
   title="Design and Construction Progress of CYCIAE-100, A 100 MeV H- Cyclotron At CIAE", 
   booktitle="Proc. 18th Int. Conf. on Cyclotrons and their Applications",
   address="Catania",
   PAGES=33,
   YEAR=2007
}

@article{Qiang:1,
   author="J. Qiang and R. Ryne and S. Habib et al.",
   title="An Object-Oriented Parallel Particle-in-Cell Code for Beam Dynamics Simulation in Linear Accelerator",
   JOURNAL="J. Comput. Phys.",
   VOLUME=163,
   PAGES=434,
   YEAR=2000
   }

@Article{Qing:2,
  title = {Systematic comparison of position and time dependent macroparticle simulations in beam dynamics studies},
   author="J. Qiang and R. Ryne and R. Garnett",
  journal = {Phys. Rev. ST Accel. Beams},
  volume = {5},
  number = {6},
  pages = {064201},
  numpages = {9},
  year = {2002},
  month = {Jun},
  doi = {10.1103/PhysRevSTAB.5.064201},
  publisher = {American Physical Society}
}

@inproceedings{Gala:1,
   author="J. Galambos and S. Danilov and D. Jeon et al.",
   title="ORBIT - a Ring Injection Code with Space Charge",
   booktitle="Proc. Particle Accelerator Conf.",
   address="New York",
   PAGES=3143,
   YEAR=1999
   }

@ARTICLE{Grote:1,
   AUTHOR="D. Grote and A. Friedman et al.",
   title="Three-Dimensional Simulations of High Current Beams in Induction Accelerators with WARP3d",
   JOURNAL="Fus. Eng. \& Des.",
   VOLUME=32,
   PAGES=193,
   YEAR=1996
}

@book{Hockney:1,
   author="R. W. Hockney and J. W. Eastwood",
   title="Computer Simulation Using Particles",
   publisher="Hilger",
   address="New York",
   year=1988
}

@ARTICLE{Huang:1,
   AUTHOR="C. Huang and V. K.Decyk and C. Ren et al.",
   title="QUICKPIC: A highly efficient particle-in-cell code for modeling wakefield acceleration in plasmas",
   JOURNAL="J. Comput. Phys.",
   VOLUME=217,
   PAGES=658,
   YEAR=2006
}

@ARTICLE{Gordon:2,
   AUTHOR="M. M. Gordon and V. Taivassalo", 
   title="Nonlinear Effects of Focusing Bars Used in the Extraction Systems of Superconducting Cyclotrons",
   JOURNAL="IEEE Trans. Nucl. Sci.",
   VOLUME=32,
   PAGES=2447,
   YEAR=1985
}
@techreport{opal:1,
title="The OPAL (Object Oriented Parallel Accelerator Library) Framework",
author="A. Adelmann and Ch. Kraus and Y. Ineichen and  J. Yang",
institution="Paul Scherrer Institut",
number="PSI-PR-08-02",
year=2008
}

@inproceedings{Classic:1,
author="F. Iselin",
title="The CLASSIC Project",
booktitle=" Comput. Accelerator Physics Conf.",
address="Williamsburg",
YEAR=1996
}

@inproceedings{H5part:1,
author="A. Adelmann and R. Ryne and J. Shalf and C. Siegerist",
title="H5Part: A Portable High Performance Parallel Data Interface for Particle Simulations",
booktitle="Proc. Particle Accelerator Conf.",
address="Knoxville",
YEAR=1999
}

@manual{FIXPO:1,
title="FIXPO Bedienungsanleitung",
organization="PSI",
year="2000",
author="G. Rudolf"
}
