@misc{H5FED-Web,
  author =	 {B. Oswald and A. Gsell},
  title =	 {H5{F}ed},
  year =	 {2008},
  institution =	 {Paul Scherrer Institute},
  howpublished = "\url{http://h5part.psi.ch}"
}

@Unpublished{oswald2007c,
  author =	 {B. Oswald},
  title =	 {"heronion - the advanced electromagnetic user
                  frontend"},
  note =	 {private communication},
  month =	 {December},
  email =	 {"benedikt.oswald@psi.ch"},
  year =	 {2007-2009},
  annote =	 {Paul Scherrer Institut (PSI)}
}

@article{motr:97,
  author =	 "M{\"o}ller, Tomas and Trumbore, Ben",
  journal =	 "J. Graph. Tools",
  volume =	 2,
  number =	 1,
  pages =	 "21-28",
  title =	 "Fast, Minimum Storage Ray-Triangle Intersection",
  year =	 1997
}
