@STRING(PRL="Phys. Rev. Lett.")
@STRING(RMP="Rev. Mod. Phys.")

@book{William,
  Address =	 {Berlin Heidelberg New York},
  Author =	 {William R. Leo},
  Edition =	 {2nd},
  Publisher =	 {Springer-Verlag},
  Title =	 {Techniques for nuclear and particle physics experiments},
  Year =	 1994
}
@book{Jackson,
  Address =	 {New York},
  Author =	 {J. D. Jackson},
  Edition =	 {3rd},
  Publisher =	 {John Wiley \&. Sons},
  Title =	 {Classical Electrodynamics},
  Year =	 1998
}
@inproceedings{FLUKA1,
  author =	 "G. Battistoni and S. Muraro and P.R. Sala and F. Cerutti and A. Ferrari and S. Roesler and A. Fasso and J. Ranft",
  title =	 "The FLUKA code: Description and benchmarking",
  booktitle =	 "Proceedings of the Hadronic Shower Simulation Workshop 2006",
  address =	 "Fermilab",
  year =	 2006,
  note =	 "M. Albrow, R. Raja eds., AIP Conference Proceeding 896, 31-49, (2007)"
}
@techreport{FLUKA2,
  author =	 "A. Fasso and A. Ferrari and J. Ranft  and P.R. Sala",
  title =	 "FLUKA: a multi-particle transport code",
  type =	 "Tech. Report",
  year =	 2005,
  number =	 "CERN-2005-10 (2005), INFN/TC\_05/11, SLAC-R-773"
}
 @techreport{MCNPX,
  title =	 "{MCNPX Userâ€™s Manual}",
  author =	 "D. Pelowitz ed.",
  year =	 2005,
  number =	 "Version 2.5.0 LA-CP-05-0369"
}       
@inproceedings{Joho,
  title=	"High intensity problem in cyclotrons",
  author=	"W. Joho",
  year=	1981,
  page= 337,
  booktitle=	"9th Int. Conf. on Cyclotrons, p. 337",
  address= "Caen"
}
@book{Reiser,
  Author =	 {Martin Reiser},
  Publisher =	 {Wiley-VCH.},
  Title =	 {Theory and design of charged particle beams},
  Year =	 2008
}
@techreport{TRIMCOIL,
  author =       "S. Adam and W. Joho",
  type =         "Tech. Report",
  year =         1974,
  institution= "PSI",
  number =       "TM-11-13"
}
@techreport{transport,
  author =       "K.L. Brown, D.C. Carey, Ch. Iselin and F. Rothacker",
  title =        "Transport, a Computer Program for Designing Charged Particle Beam Transport System",
  type =         "Tech. Report",
  institution= "CERN",
  year =         1980,
  number =       "CERN 73-16 (1973) \& CERN 80-04 (1980)"
}
@techreport{transportpsi,
  author =       "U. Rohrer",
  title =        "PSI Graphic Transport Framework based on a CERN-SLAC-FERMILAB version by K.L. Brown et al.",
  type =         "Tech. Report",
  institution= "PSI",
  year =         2007,
  number="PSI Graphic Transport Framework based on a CERN-SLAC-FERMILAB version by K.L. Brown et al."
}


@techreport{TM1114,
  author =       "W. Joho",
  title =        "Representation of Beam Ellipses for Transport Calculations",
  type =         "Tech. Report",
  institution= "PSI",
  year =         1980,
  number =       "TM-11-14"
}

@article{Fubiani:2006p305,
author = {G Fubiani and J Qiang and E Esarey and W. P Leemans}, 
journal = {Phys. Rev. ST Accel. Beams},
title = {Space charge modeling of dense electron beams with large energy spreads},
number = {6},
pages = {1--31},
volume = {9},
year = {2006},
month = {Jun},
date-added = {2009-08-07 07:48:00 +0200},
date-modified = {2009-08-07 07:50:04 +0200},
doi = {10.1103/PhysRevSTAB.9.064402},
local-url = {file://localhost/Users/adelmann/Documents/Papers/2006/Fubiani/Phys.%20Rev.%20ST%20Accel.%20Beams%202006%20Fubiani.},
uri = {papers://64773080-4C16-43A9-911C-DFF933249BFF/Paper/p305},
read = {Yes},
rating = {0}
}


@techreport{bassersk,
title="Closed Expression for the Electric Field of a Two-Dimensional Gaussian Charge",
author="M.Bassetti and G.A.Erskine",
institution="CERN",
number="CERN-ISR-TH/80-06",
year=1980
}

@misc{HumbPC,
author = "M. Humbel",
year = {2009}, 
howpublished = "private communication"
}

@misc{adapconv,
author = "S. Adam",
year = {2009}, 
howpublished = "private communication on PICN model "
}

@inproceedings{Baartman:1,
   author="R. Baartman",
   title="Intensity Limitations in Compact H- Cyclotron",
   booktitle="Proc. 14th Int. Conf. on Cyclotrons and their Applications",
   address="Capetown",
   pages=440,
   year=1995
}

@inproceedings{Baartman:2,
   author="R. Baartman",
   title="Betatron Resonances with Space Charge",
   booktitle="Proc. Workshop on Space Charge Physics in High Intensity Hadron Rings",
   address="Shelter Island",
   pages=56,
   year=1998
}

@inproceedings{Laslett:1,
   author="L. J. Laslett",
   title="On the Intensity Limitations Imposed by Transverse Space-Charge Effects in Circular Accelerators",
   booktitle="Proc. 1963 Summer Study of Storage Rings, Accelerators and Experimentation at Super-High Energies",
   pages=324,
   year=1963
}

@inproceedings{Gordon:1,
   author="M. M. Gordon",
   title="The Longitudinal Space Charge Effect and Energy Resolution",
   booktitle="Proc. 5th Int. Conf. on Cyclotrons and their Applications",
   address="Oxford",
   pages=305,
   year=1969
}

@inproceedings{Joho:1,
   author="W. Joho",
   title="High Intensity Problems in Cyclotrons",
   booktitle="Proc. 9th Int. Conf. on Cyclotrons and their Applications",
   address="Caen",
   pages=337,
   year=1981
}


@phdthesis{Adam:0,
   AUTHOR="S. Adam",
   TITLE="Method for Calculating the Longitudinal Space-Charge Effect in Isochronous Cyclotrons ",
   school="ETHZ, Switzerland",
   year=1985,
   note="no 7694"
}

@ARTICLE{Adam:1,
   AUTHOR="S. Adam",
   TITLE="Calculation of Space Charge Effects in Isochronous Cyclotrons",
   JOURNAL="IEEE Trans. on Nuclear Science",
   VOLUME=32,
   PAGES=2507,
   YEAR=1985
}

@inproceedings{Adam:2,
   author="S. Koscielniak and S. Adam",
   title="Simulation of Space-Charge Dominated Beam Dynamics in an Isochronous AVF Cyclotron",
   booktitle="Proc. Particle Accelerator Conf.",
   address="Washington",
   PAGES=3639,
   YEAR=1993
}

@inproceedings{Adam:3,
   author="S. Adam",
   title="Space Charge Effects in Cyclotrons - From Simulations to Insights",
   booktitle="Proc. 14th Int. Conf. on Cyclotrons and their Applications",
   address="Cape Town",
   PAGES=446,
   YEAR=1995
}

@phdthesis{Li:1,
   author="H. Li",
   title="Study of space charge effect in high intensity sector-focused cyclotron(in Chinese)",
   school="GUCAS, China",
   year=2001
}

@phdthesis{Ada:1,
   author="A. Adelmann",
   title="3D Simulations of Space Charge Effects in Particle Beams",
   school="ETHZ, Switzerland",
   year=2002,
   note="no 14545"
}

@phdthesis{kleeven:1,
   author="W.J.G.M Kleeven",
   title="Theory of Accelerated Orbits and Space Charge Effects in an AVF Cyclotron",
   school="TU Eindhoven",
   year=1988
}



@phdthesis{Poz:1,
   author="E. Pozdeyev",
   title="CYCO and SIR: New Tools for Numerical and Experimental Studies of Space Charge Effects in the Isochronous Regime",
   school="MSU, USA",
   year=2003
}

@inproceedings{Mike:1,
   author="M. Seidel and P. Schmelzbach",
   title="Upgrade of the PSI Cyclotron Facility to 1.8 MW",
   booktitle="Proc. 18th Int. Conf. on Cyclotrons and their Applications",
   address="Catania",
   PAGES=157,
   YEAR=2007
}

@inproceedings{Bert:2001,
   author="P. Bertrand and Ch. Ricaud",
   title="Specific Cyclotron Correlations under Space Charge Effects in the Case of a Spherical Beam",
   booktitle="Conf. on Cyclotrons and their Applications",
   address="East Lansing, Michigan",
   PAGES=379,
   YEAR=2001
}




@inproceedings{Zhang:1,
   author="T. Zhang and Z. Li and C. Chu",
   title="Design and Construction Progress of CYCIAE-100, A 100 MeV H- Cyclotron At CIAE", 
   booktitle="Proc. 18th Int. Conf. on Cyclotrons and their Applications",
   address="Catania",
   PAGES=33,
   YEAR=2007
}

@article{Qiang:1,
   author="J. Qiang and R. Ryne and S. Habib et al.",
   title="An Object-Oriented Parallel Particle-in-Cell Code for Beam Dynamics Simulation in Linear Accelerator",
   JOURNAL="J. Comput. Phys.",
   VOLUME=163,
   PAGES=434,
   YEAR=2000
   }

@Article{Qing:2,
  title = {Systematic comparison of position and time dependent macroparticle simulations in beam dynamics studies},
   author="J. Qiang and R. Ryne and R. Garnett",
  journal = {Phys. Rev. ST Accel. Beams},
  volume = {5},
  number = {6},
  pages = {064201},
  numpages = {9},
  year = {2002},
  month = {Jun},
  doi = {10.1103/PhysRevSTAB.5.064201},
  publisher = {American Physical Society}
}

@inproceedings{Gala:1,
   author="J. Galambos and S. Danilov and D. Jeon et al.",
   title="ORBIT - a Ring Injection Code with Space Charge",
   booktitle="Proc. Particle Accelerator Conf.",
   address="New York",
   PAGES=3143,
   YEAR=1999
   }

@ARTICLE{Grote:1,
   AUTHOR="D. Grote and A. Friedman et al.",
   title="Three-Dimensional Simulations of High Current Beams in Induction Accelerators with WARP3d",
   JOURNAL="Fusion Engineering \& Design  ",
   VOLUME=32,
   PAGES=193,
   YEAR=1996
}

@book{Hockney:1,
   author="R. W. Hockney and J. W. Eastwood",
   title="Computer Simulation Using Particles",
   publisher="Hilger",
   address="New York",
   year=1988
}

@ARTICLE{Huang:1,
   AUTHOR="C. Huang and V. K. Decyk  et al.",
   title="QUICKPIC: A highly efficient particle-in-cell code for modeling wakefield acceleration in plasmas",
   JOURNAL="J. Comput. Phys.",
   VOLUME=217,
   PAGES=658,
   YEAR=2006
}

@ARTICLE{Gordon:2,
   AUTHOR="M. M. Gordon and V. Taivassalo", 
   title="Nonlinear Effects of Focusing Bars Used in the Extraction Systems of Superconducting Cyclotrons",
   JOURNAL="IEEE Trans. Nucl. Sci.",
   VOLUME=32,
   PAGES=2447,
   YEAR=1985
}

@techreport{joho:2,
title="Betatron Oscillations in Cyclotrons",
author="W. Joho",
institution="Paul Scherrer Institut",
number="TM-11-07",
year=1970
}


@techreport{opal:1,
title="The OPAL (Object Oriented Parallel Accelerator Library) Framework",
author="A. Adelmann and Y.Bi and Ch. Kraus and Y. Ineichen and S. Russel and  J. Yang",
institution="Paul Scherrer Institut",
number="PSI-PR-08-02",
year=2008
}

@techreport{ippl:1,
title="The IP$^2$L (Independent Parallel Particle Layer) Framework",
author="A. Adelmann",
institution="Paul Scherrer Institut",
number="PSI-PR-09-05",
year=2009
}

@inproceedings{Classic:1,
author="F. Iselin",
title="The CLASSIC Project",
booktitle=" Comput. Accelerator Physics Conf.",
address="Williamsburg",
YEAR=1996
}

@inproceedings{H5part:1,
author="A. Adelmann and R. Ryne and J. Shalf and C. Siegerist",
title="H5Part: A Portable High Performance Parallel Data Interface for Particle Simulations",
pages= 4129,
booktitle="Proc. Particle Accelerator Conf.",
address="Knoxville",
YEAR=2005
}

@manual{FIXPO:1,
title="FIXPO Bedienungsanleitung",
organization="PSI",
year="2000",
author="G. Rudolf"
}

http://amas.web.psi.ch/tools/H5PartROOT/index.html


@manual{h5partroot:1,
title={H5PartROOT: a ROOT Based Graphical User Interface for H5Part},
organization="\url{http://amas.web.psi.ch/tools/H5PartROOT/index.html}",
year="2009",
author="T.~Schietinger"
}


@inproceedings{Ryne:1,
   author="R. Ryne",
   title="ADVANCED COMPUTING TOOLS AND MODELS FOR ACCELERATOR PHYSICS",
   booktitle="Proc. European Particle Accelerator Conf.",
   address="Genoa",
   PAGES=2947,
   YEAR=2008
}



@Article{PhysRevSTAB.13.064201,
  title = {Beam dynamics in high intensity cyclotrons including neighboring bunch effects: Model, implementation, and application},
  author = {Yang, J. J. and Adelmann, A.  and Humbel, M.  and Seidel, M.  and Zhang, T. J.},
  journal = {Phys. Rev. ST Accel. Beams},
  volume = {13},
  number = {6},
  pages = {064201},
  numpages = {12},
  year = {2010},
  month = {Jun},
  doi = {10.1103/PhysRevSTAB.13.064201},
  publisher = {American Physical Society}
}


@article{Adelmann20104554,
title = "A fast parallel Poisson solver on irregular domains applied to beam dynamics simulations",
journal = "Journal of Computational Physics",
volume = "229",
number = "12",
pages = "4554 - 4566",
year = "2010",
note = "",
issn = "0021-9991",
doi = "DOI: 10.1016/j.jcp.2010.02.022",
url = "http://www.sciencedirect.com/science/article/B6WHY-4YHP08T-1/2/41309c23eb7fa1b4af95d9401a21da39",
author = "A. Adelmann and P. Arbenz and Y. Ineichen",
keywords = "Poisson equation",
keywords = "Irregular domains",
keywords = "Preconditioned conjugate gradient algorithm",
keywords = "Algebraic multigrid",
keywords = "Beam dynamics",
keywords = "Space-charge"
}

@techreport{adswhitepaper2010,
title = "{Accelerator and Target Technology for Accelerator Driven Transmutation and Energy Production}",
pages = "1-23",
year = "2010",
institution="DOE",
note = "{Accelerator and Target Technology for Accelerator Driven Transmutation and Energy Production}",
url = "http://www.science.doe.gov/hep/files/pdfs/ADSWhitePaperFinal.pdf",
author = "H. A. Abderrahim and others"
}

@Article{PhysRevLett.104.141802,
  title = {Multiple Cyclotron Method to Search for $CP$ Violation in the Neutrino Sector},
  author = {Conrad, J. M. and Shaevitz, M. H.},
  journal = {Phys. Rev. Lett.},
  volume = {104},
  number = {14},
  pages = {141802},
  numpages = {4},
  year = {2010},
  month = {Apr},
  doi = {10.1103/PhysRevLett.104.141802},
  publisher = {American Physical Society}
}

@ inproceedings{timestructure,
  author =       "R. D{\"o}lling",
  title =        "New time-structure probes between injector and Ring cyclotron",
 booktitle="Proc. of HB2010",
   address="Morschach, Switzerland",
   NOTE={"MOPD62"},
   YEAR=2010
}


@inproceedings{BiHB2010:1,
   author={Y. J. Bi and A. Adelmann and R. D\"olling and W. Joho and M. Seidel and  C. X. Tang and T. J. Zhang },
   title={CHALLENGES IN SIMULATING MW BEAMS IN CYCLOTRONS},
   booktitle="Proc. of HB2010",
   address="Morschach, Switzerland",
   note={"TUO2A03"},
   YEAR=2010
}

@inproceedings{WangHB2010:1,
   author={C. Wang and A. Adelmann and Y. Ineichen },
   title="A Field Emission and Secondary Emission Model in OPAL",
   booktitle="Proc. of HB2010",
   address="Morschach, Switzerland",
   NOTE={"MOPD55"},
   YEAR=2010
}

@phdthesis{J-H-Han,
   AUTHOR="J. H. Han",
   TITLE="Dynamics of Electron Beam and Dark Current in Photocathode RF Guns",
   school="Universit{\"a}t Hamburg, Germany",
   year=2005,
   url="http://www-library.desy.de/preparch/desy/thesis/desy-thesis-05-045.pdf"
}
@ inproceedings{CY,
  author =       "P. K. Sigg",
  title =        "Reliability of High Beam Power Cyclotron RF-Systems at PSI",
  booktitle="Proceedings of the Workshop on Utilization and Reliability of High Power Proton Accelerators",
  address="Mito, Japan",
  YEAR=1998,
  url="http://rf.web.psi.ch/files/proceedings/1998/JAERI98/PaperNEA98.pdf"
}
@Article{Non,
  title = {Nonstationary Statistical Theory for Multipactor},
  author = {S. Anza and C. Vicente and J. Gil and V. E. Boria and B. Gimeno and D. Raboso},
  journal = {Phys. Plasmas},
  volume = {17},
  number = {6},
  pages = {062110},
  numpages = {11},
  year = {2010},
  month = {June},
  doi = {10.1063/1.3443128},
  publisher = {American Institute of Physics}
}
@Article{ST,
  title = {Statistical Theory of Two-Sided Multipactor},
  author = { N. K. Vdovicheva and A. G. Sazontov and V. E. Semenov},
  journal = {Radiophysics and Quantum Electronics},
  volume = {47},
  number = {8},
  pages = {580},
  numpages = {17},
  year = {2004},
  month = {Aug},
  doi = {10.1023/B:RAQE.0000049556.18329.e9},
  publisher = {Springer Science+Business Media}
}
@article{Furman-Pivi,
author = { M. A. Furman and M. T. F. Pivi}, 
journal = {Phys. Rev. ST Accel. Beams},
title = {Probabilistic model for the simulation of secondary electron emission},
volume = {5},
number = {12},
pages = {124404},
numpages = {18},
year = {2002},
month = {Dec},
doi = {10.1103/PhysRevSTAB.5.124404},

}
@ARTICLE{Vaughan,
   AUTHOR="J. Rodney M. Vaughan",
   TITLE="A New Formula for Secondary Emission Yield",
   JOURNAL="IEEE Transactions on Electron Devices",
   VOLUME=36,
   number = {9},
   PAGES=1963,
   numpages = {5},
   YEAR=1989,
   month = {Sep},
}
@ARTICLE{VaughanRv,
   AUTHOR="J. Rodney M. Vaughan",
   TITLE="Secondary Emission Formulas",
   JOURNAL="IEEE Transactions on Electron Devices",
   VOLUME=40,
   number = {4},
   PAGES=830,
   numpages = {1},
   YEAR=1993,
   month = {Apr},
}
@inproceedings{FS,
   author={C. Vicente and M. Mattes and D. Wolk and H. L. Hartnagel and J. R. Mosig and D. Raboso},
   title="FEST3D - A Simulation Tool for Multipactor Prediction",
   booktitle="Proc. of MULCOPIM 2005",
   address="Noordwijk, the Netherlands",
   YEAR=2005
}
@misc{LT,
author = "D. Sunday",
url="http://softsurfer.com/Archive/algorithm_0105/algorithm_0105.htm"
}
@manual{vtk:1,
title={File Formats for VTK Version 4.2},
organization="\url{http://www.vtk.org/VTK/img/file-formats.pdf}",
}
@manual{paraview,
title={ParaView Guide: A Parallel Visualization Application.},
organization="Kitware Inc.",
year="2007",
author="A. Henderson"
}
@Article{PP,
  title = {Hybrid Resonant Modes of Two-Sided Multipactor and Transition to the Polyphase Regime},
  author = {A. Kryazhev and M. Buyanova and V. Semenov and D. Anderson and M. Lisak and J. Puech and L. Lapierre and J. Sombrin},
  journal = {Phys. Plasmas},
  volume = {9},
  number = {11},
  pages = {4736},
  numpages = {8},
  year = {2002},
  month = {Nov},
  doi = {10.1063/1.1514969},
  publisher = {American Institute of Physics}
}
@Article{Feng,
  title = {Transition from Fowler-Nordheim Field Emission to Space Charge Limited Current Density},
  author = {Y. Feng and J. P. Verboncoeur},
  journal = {Phys. Plasmas},
  volume = {13},  
  number = {7},
  pages = {073105},
  numpages = {8},
  year = {2006},
  month = {July},
  doi = {10.1063/1.2226977},
  publisher = {American Institute of Physics}
}

@ARTICLE{FN,
   author = {{Fowler}, R.~H. and {Nordheim}, L.},
    title = "{Electron Emission in Intense Electric Fields}",
  journal = {Royal Society of London Proceedings Series A},
     year = 1928,
    month = may,
   volume = 119,
    pages = {173-181},
   adsurl = {http://adsabs.harvard.edu/abs/1928RSPSA.119..173F},
  adsnote = {Provided by the SAO/NASA Astrophysics Data System}
}
@Article{gmsh,
  title = {Gmsh: A 3-D finite element mesh generator with built-in pre- and post-processing facilities},
  author = {Christophe Geuzaine and Jean-FranÃ§ois Remacle},
  journal = {International Journal for Numerical Methods in Engineering},
  volume = {79},  
  number = {11},
  pages = {1309},
  numpages = {23},
  year = {2009},
  month = {Sep},
  doi = {10.1002/nme.2579},
  publisher = {John Wiley \& Sons, Inc.}
}
@misc{heronion,
author = "Benedikt Oswald",
title = {Heronion, a graphical user interface (GUI) based frontend program for
electrodynamics calculation developed at PSI},
year = {2007-2011}, 
howpublished = "private communication"
}
@ inproceedings{riken,
  author =       {N. Sakamoto and O. Kamigaito and S. Kohara and H. Okuno and M. Kase and A. Goto and Y. Yano},
  title =        "RF-System for the RIBF Superconducting Ring Cyclotron",
  booktitle="Proceedings of Cyclotrons and Their Applications 2007, Eighteenth International Conference",
  address="Giardini Naxos, Italy",
  YEAR=2007,
 }
@techreport{seycurve,
  author =       "I. Bojko and N. Hilleret and Ch. Scheuerlein",
  title =        "The Influence of Air Exposures and Thermal Treatments on the Secondary Electron Yield of Copper",
  type =         "LHC Project Report",
  institution= "CERN",
  year =         2000,
  number =       "376"
}
@article{Zhang20084117,
title = "Design & construction status of CYCIAE-100, a 100Â MeV H- cyclotron for RIB production",
journal = "Nuclear Instruments and Methods in Physics Research Section B: Beam Interactions with Materials and Atoms",
volume = "266",
number = "19-20",
pages = "4117 - 4122",
year = "2008",
note = "Proceedings of the XVth International Conference on Electromagnetic Isotope Separators and Techniques Related to their Applications",
issn = "0168-583X",
doi = "DOI: 10.1016/j.nimb.2008.05.021",
url = "http://www.sciencedirect.com/science/article/B6TJN-4SNGM0H-2/2/07e2583031b703de06619974d9d7a110",
author = "Tianjue Zhang and Zhenguo Li and Zhiguo Yin",
keywords = "Radioactive ion beam",
keywords = "Cyclotron",
keywords = "Proton beam"
}
